@article{yang2020artificial,
  title={Artificial neural networks for neuroscientists: a primer},
  author={Yang, Guangyu Robert and Wang, Xiao-Jing},
  journal={Neuron},
  volume={107},
  number={6},
  pages={1048--1070},
  year={2020},
  publisher={Elsevier}
}
@misc{aws,
  title={What is a Neural Network? - Artificial Neural Network Explained - AWS},
  author={Amazon Web Services},
  howpublished={\url{https://aws.amazon.com/what-is/neural-network/}},
  note={Accessed November 5, 2023}
}
@misc{mahanta2017introduction,
  title={Introduction to Neural Networks, Advantages and Applications},
  author={Mahanta, Jahnavi},
  year={2017},
  howpublished={\url{https://www.kdnuggets.com/2017/07/introduction-neural-networks-advantages-applications.html}}
}
@misc{shukla2020main,
  title={Main Types of Neural Networks and its Applications},
  author={Shukla, Pratik and Iriondo, Roberto},
  year={2020},
  howpublished={\url{https://towardsai.net/p/machine-learning/main-types-of-neural-networks-and-its-applications-tutorial-734480d7ec8e}}
}
@misc{shukla2022introduction,
  title={Introduction to Artificial Neural Networks},
  author={Shukla, Pratik},
  year={2022},
  howpublished={\url{https://towardsdatascience.com/introduction-to-artificial-neural-networks-ac338f4154e5}}
}
@misc{geron2017neural,
  title={Neural Networks and Deep Learning},
  author={Géron, Aurélien},
  year={2017},
  howpublished={\url{https://www.oreilly.com/library/view/neural-networks-and/9781492037354/ch01.html}}
}
@misc{geeksforgeeks2023artificial,
  title={Artificial Neural Networks and its Applications},
  author={GeeksforGeeks},
  year={2023},
  howpublished={\url{https://www.geeksforgeeks.org/artificial-neural-networks-and-its-applications/}}
}